@article{tran2019privacy,
  title={Privacy-preserving big data analytics a comprehensive survey},
  author={Tran, Hong-Yen and Hu, Jiankun},
  journal={Journal of Parallel and Distributed Computing},
  volume={134},
  pages={207--218},
  year={2019},
  publisher={Elsevier}
}


@inproceedings{kirchgassner2019deep,
  title={Deep Residual Convolutional and Recurrent Neural Networks for Temperature Estimation in Permanent Magnet Synchronous Motors},
  author={Kirchg{\"a}ssner, Wilhelm and Wallscheid, Oliver and B{\"o}cker, Joachim},
  booktitle={2019 IEEE International Electric Machines \& Drives Conference (IEMDC)},
  pages={1439--1446},
  year={2019},
  organization={IEEE}
}

@misc{CASP,
  title = {Physicochemical Properties of Protein Tertiary Structure Data Set},
  howpublished = {\url{https://archive.ics.uci.edu/ml/datasets/Physicochemical+Properties+of+Protein+Tertiary+Structure
}},
  note = {Accessed: 2019-07-20}
}

@misc{KC-house,
  title = {Predict house price in King County using regression},
  howpublished = {\url{https://www.kaggle.com/harlfoxem/housesalesprediction}},
  note = {Accessed: 2019-08-18}
}

@article{tufekci2014prediction,
  title={Prediction of full load electrical power output of a base load operated combined cycle power plant using machine learning methods},
  author={T{\"u}fekci, P{\i}nar},
  journal={International Journal of Electrical Power \& Energy Systems},
  volume={60},
  pages={126--140},
  year={2014},
  publisher={Elsevier}
}

@article{brooks1989airfoil,
  title={Airfoil self-noise and prediction},
  author={Brooks, Thomas F and Pope, D Stuart and Marcolini, Michael A},
  year={1989}
}

@inproceedings{lin2018novel,
  title={A Novel Takagi--Sugeno Fuzzy System Modeling Method with Joint Feature Selection and Rule Reduction},
  author={Lin, Defu and Wang, Jun and Zhu, Jihua and Wang, Yifan and Jiang, Yizhang and Deng, Zhaohong and Li, Weiwei and Wang, Shitong},
  booktitle={2018 IEEE International Conference on Fuzzy Systems (FUZZ-IEEE)},
  pages={1--7},
  year={2018},
  organization={IEEE}
}

@inproceedings{fierimonte2017distributed,
  title={Distributed on-line learning for random-weight fuzzy neural networks},
  author={Fierimonte, Roberto and Altilio, Rosa and Panella, Massimo},
  booktitle={2017 IEEE International Conference on Fuzzy Systems},
  pages={1--6},
  year={2017},
  organization={IEEE}
}

@inproceedings{fierimonte2016distributed,
  title={Distributed learning of random weights fuzzy neural networks},
  author={Fierimonte, Roberto and Barbato, Marco and Rosato, Antonello and Panella, Massimo},
  booktitle={2016 IEEE International Conference on Fuzzy Systems},
  pages={2287--2294},
  year={2016},
  organization={IEEE}
}

@inproceedings{leng2018extremely,
  title={Extremely low bit neural network: Squeeze the last bit out with {ADMM}},
  author={Leng, Cong and Dou, Zesheng and Li, Hao and Zhu, Shenghuo and Jin, Rong},
  booktitle={Thirty-Second AAAI Conference on Artificial Intelligence},
  pages={3466--3473},
  year={2018}
}

@inproceedings{taylor2016training,
  title={Training neural networks without gradients: A scalable {ADMM} approach},
  author={Taylor, Gavin and Burmeister, Ryan and Xu, Zheng and Singh, Bharat and Patel, Ankit and Goldstein, Tom},
  booktitle={International conference on machine learning},
  pages={2722--2731},
  year={2016}
}

@article{bai2014consensus,
  title={Consensus proximal support vector machine for classification problems with sparse solutions},
  author={Bai, Yan-Qin and Shen, Yan-Jun and Shen, Kai-Ji},
  journal={Journal of the Operations Research Society of China},
  volume={2},
  number={1},
  pages={57--74},
  year={2014},
  publisher={Springer}
}

@article{ye2019decentralized,
  title={Decentralized Multi-Task Learning Based on Extreme Learning Machines},
  author={Ye, Yu and Xiao, Ming and Skoglund, Mikael},
  journal={arXiv preprint arXiv:1904.11366},
  pages={1--11},
  year={2019}
}

@article{bi2015distributed,
  title={Distributed extreme learning machine with kernels based on mapreduce},
  author={Bi, Xin and Zhao, Xiangguo and Wang, Guoren and Zhang, Pan and Wang, Chao},
  journal={Neurocomputing},
  volume={149},
  pages={456--463},
  year={2015},
  publisher={Elsevier}
}

@article{forero2010consensus,
  title={Consensus-based distributed support vector machines},
  author={Forero, Pedro A and Cano, Alfonso and Giannakis, Georgios B},
  journal={Journal of Machine Learning Research},
  volume={11},
  number={May},
  pages={1663--1707},
  year={2010}
}

@article{verykios2004state,
  title={State-of-the-art in privacy preserving data mining},
  author={Verykios, Vassilios S and Bertino, Elisa and Fovino, Igor Nai and Provenza, Loredana Parasiliti and Saygin, Yucel and Theodoridis, Yannis},
  journal={ACM Sigmod Record},
  volume={33},
  number={1},
  pages={50--57},
  year={2004},
  publisher={ACM}
}

@article{li2010data,
  title={Data security and privacy in wireless body area networks},
  author={Li, Ming and Lou, Wenjing and Ren, Kui},
  journal={IEEE Wireless communications},
  volume={17},
  number={1},
  pages={51--58},
  year={2010},
  publisher={IEEE}
}

@inproceedings{chen2012data,
  title={Data security and privacy protection issues in cloud computing},
  author={Chen, Deyan and Zhao, Hong},
  booktitle={2012 International Conference on Computer Science and Electronics Engineering},
  volume={1},
  pages={647--651},
  year={2012},
  organization={IEEE}
}

@article{georgopoulos2014distributed,
  title={Distributed machine learning in networks by consensus},
  author={Georgopoulos, Leonidas and Hasler, Martin},
  journal={Neurocomputing},
  volume={124},
  pages={2--12},
  year={2014},
  publisher={Elsevier}
}

@article{fu2011fuzzy,
  title={Fuzzy probabilistic design of water distribution networks},
  author={Fu, Guangtao and Kapelan, Zoran},
  journal={Water Resources Research},
  volume={47},
  number={5},
  pages={1--12},
  year={2011},
  publisher={Wiley Online Library}
}

@article{forero2011distributed,
  title={Distributed clustering using wireless sensor networks},
  author={Forero, Pedro A and Cano, Alfonso and Giannakis, Georgios B},
  journal={IEEE Journal of Selected Topics in Signal Processing},
  volume={5},
  number={4},
  pages={707--724},
  year={2011},
  publisher={IEEE}
}

@inproceedings{macqueen1967some,
  title={Some methods for classification and analysis of multivariate observations},
  author={MacQueen, James and others},
  booktitle={Proceedings of the fifth Berkeley symposium on mathematical statistics and probability},
  volume={1},
  number={14},
  pages={281--297},
  year={1967},
  organization={Oakland, CA, USA}
}

@article{pal1995cluster,
  title={On cluster validity for the fuzzy c-means model},
  author={Pal, Nikhil R and Bezdek, James C},
  journal={IEEE Transactions on Fuzzy systems},
  volume={3},
  number={3},
  pages={370--379},
  year={1995},
  publisher={IEEE}
}

@article{huang2011extreme,
  title={Extreme learning machine for regression and multiclass classification},
  author={Huang, Guang-Bin and Zhou, Hongming and Ding, Xiaojian and Zhang, Rui},
  journal={IEEE Transactions on Systems, Man, and Cybernetics, Part B (Cybernetics)},
  volume={42},
  number={2},
  pages={513--529},
  year={2011},
  publisher={IEEE}
}

@article{wang2019global,
  title={Global convergence of {ADMM} in nonconvex nonsmooth optimization},
  author={Wang, Yu and Yin, Wotao and Zeng, Jinshan},
  journal={Journal of Scientific Computing},
  volume={78},
  number={1},
  pages={29--63},
  year={2019},
  publisher={Springer}
}

@article{boyd2011distributed,
  title={Distributed optimization and statistical learning via the alternating direction method of multipliers},
  author={Boyd, Stephen and Parikh, Neal and Chu, Eric and Peleato, Borja and Eckstein, Jonathan and others},
  journal={Foundations and Trends{\textregistered} in Machine learning},
  volume={3},
  number={1},
  pages={1--122},
  year={2011},
  publisher={Now Publishers, Inc.}
}

@inproceedings{tsianos2012consensus,
  title={Consensus-based distributed optimization: Practical issues and applications in large-scale machine learning},
  author={Tsianos, Konstantinos I and Lawlor, Sean and Rabbat, Michael G},
  booktitle={2012 50th Annual Allerton Conference on Communication, Control, and Computing (Allerton)},
  pages={1543--1550},
  year={2012},
  organization={IEEE}
}

@article{hernandez2009evolving,
  title={An evolving fuzzy neural network based on the mapping of similarities},
  author={Hern{\'a}ndez, Jos{\'e} Antonio Medina and Casta{\~n}eda, Felipe G{\'o}mez and Cadenas, Jos{\'e} Antonio Moreno},
  journal={IEEE Transactions on Fuzzy Systems},
  volume={17},
  number={6},
  pages={1379--1396},
  year={2009},
  publisher={IEEE}
}

@article{chiu1994fuzzy,
  title={Fuzzy model identification based on cluster estimation},
  author={Chiu, Stephen L},
  journal={Journal of Intelligent \& fuzzy systems},
  volume={2},
  number={3},
  pages={267--278},
  year={1994},
  publisher={IOS Press}
}
@article{el2018fuzzy,
  title={Fuzzy deep learning based urban traffic incident detection},
  author={El Hatri, Chaimae and Boumhidi, Jaouad},
  journal={Cognitive Systems Research},
  volume={50},
  pages={206--213},
  year={2018},
  publisher={Elsevier}
}

@article{obermeyer2016predicting,
  title={Predicting the future—big data, machine learning, and clinical medicine},
  author={Obermeyer, Ziad and Emanuel, Ezekiel J},
  journal={The New England journal of medicine},
  volume={375},
  number={13},
  pages={1216--1219},
  year={2016},
  publisher={NIH Public Access}
}

@article{chen2019prediction,
  title={Prediction of Cloud Resources Demand Based on Hierarchical Pythagorean Fuzzy Deep Neural Network},
  author={Chen, Dawei and Zhang, Xiaoqin and Wang, Li Liliane and Han, Zhu},
  journal={IEEE Transactions on Services Computing},
  pages={1--1},
  year={2019},
  publisher={IEEE}
}

@article{caylak2019fuzzy,
  title={A fuzzy uncertainty model for analytical and numerical homogenization of transversely fiber reinforced plastics},
  author={Caylak, Ismail and Penner, Eduard and Mahnken, Rolf},
  journal={PAMM},
  volume={19},
  number={1},
  year={2019},
  publisher={Wiley Online Library}
}

@article{couso2019fuzzy,
  title={Fuzzy Sets in Data Analysis: From Statistical Foundations to Machine Learning},
  author={Couso, Ines and Borgelt, Christian and Hullermeier, Eyke and Kruse, Rudolf},
  journal={IEEE Computational Intelligence Magazine},
  volume={14},
  number={1},
  pages={31--44},
  year={2019},
  publisher={IEEE}
}

@article{hariri2019uncertainty,
  title={Uncertainty in big data analytics: survey, opportunities, and challenges},
  author={Hariri, Reihaneh H and Fredericks, Erik M and Bowers, Kate M},
  journal={Journal of Big Data},
  volume={6},
  number={1},
  pages={1--16},
  year={2019},
  publisher={Springer}
}

@article{ak2015interval,
  title={An interval-valued neural network approach for uncertainty quantification in short-term wind speed prediction},
  author={Ak, Ronay and Vitelli, Valeria and Zio, Enrico},
  journal={IEEE transactions on neural networks and learning systems},
  volume={26},
  number={11},
  pages={2787--2800},
  year={2015},
  publisher={IEEE}
}

@article{gantz2012digital,
  title={The digital universe in 2020: Big data, bigger digital shadows, and biggest growth in the far east},
  author={Gantz, John and Reinsel, David},
  journal={IDC iView: IDC Analyze the future},
  volume={2007},
  number={2012},
  pages={1--16},
  year={2012}
}

@article{qiu2016survey,
  title={A survey of machine learning for big data processing},
  author={Qiu, Junfei and Wu, Qihui and Ding, Guoru and Xu, Yuhua and Feng, Shuo},
  journal={EURASIP Journal on Advances in Signal Processing},
  volume={2016},
  number={1},
  pages={1--16},
  year={2016},
  publisher={Springer}
}

@article{de2009sofmls,
  title={{SOFMLS}: online self-organizing fuzzy modified least-squares network},
  author={de Jes{\'u}s Rubio, Jos{\'e}},
  journal={IEEE Transactions on Fuzzy Systems},
  volume={17},
  number={6},
  pages={1296--1309},
  year={2009},
  publisher={IEEE}
}

@article{jang1993anfis,
  title={{ANFIS}: adaptive-network-based fuzzy inference system},
  author={Jang, J-SR},
  journal={IEEE transactions on systems, man, and cybernetics},
  volume={23},
  number={3},
  pages={665--685},
  year={1993},
  publisher={IEEE}
}

@article{juang1998online,
  title={An online self-constructing neural fuzzy inference network and its applications},
  author={Juang, Chia-Feng and Lin, Chin-Teng},
  journal={IEEE transactions on Fuzzy Systems},
  volume={6},
  number={1},
  pages={12--32},
  year={1998},
  publisher={IEEE}
}

@misc{NSW_PV,
  title = {Australian {PV} generation},
  howpublished = {\url{https://pv-map.apvi.org.au/live#2018-01-06}},
  note = {Accessed: 2019-02-18}
}

@techreport{bank2013development,
  title={Development of a high resolution, real time, distribution-level metering system and associated visualization, modeling, and data analysis functions},
  author={Bank, Jason and Hambrick, Joshua},
  year={2013},
  institution={National Renewable Energy Lab.(NREL), Golden, CO (United States)}
}

@article{kerdphol2017virtual,
  title={Virtual inertia control-based model predictive control for microgrid frequency stabilization considering high renewable energy integration},
  author={Kerdphol, Thongchart and Rahman, Fathin and Mitani, Yasunori and Hongesombut, Komsan and K{\"u}feo{\u{g}}lu, Sinan},
  journal={Sustainability},
  volume={9},
  number={5},
  pages={773},
  year={2017},
  publisher={Multidisciplinary Digital Publishing Institute}
}

@article{ustun2011recent,
  title={Recent developments in microgrids and example cases around the world—A review},
  author={Ustun, Taha Selim and Ozansoy, Cagil and Zayegh, Aladin},
  journal={Renewable and Sustainable Energy Reviews},
  volume={15},
  number={8},
  pages={4030--4041},
  year={2011},
  publisher={Elsevier}
}

@article{zamzam2018beyond,
  title={Beyond relaxation and {N}ewton--{R}aphson: Solving {AC OPF} for multi-phase systems with renewables},
  author={Zamzam, Ahmed S and Sidiropoulos, Nicholas D and Dall’Anese, Emiliano},
  journal={IEEE Trans. Smart Grid},
  volume={9},
  number={5},
  pages={3966--3975},
  year={2018},
  publisher={IEEE}
}

@article{shi2017global,
  title={Global optimization for optimal power flow over transmission networks},
  author={Shi, Ye and Tuan, Hoang Duong and Tuy, H and Su, S},
  journal={Journal of Global Optimization},
  volume={69},
  number={3},
  pages={745--760},
  year={2017},
  publisher={Springer}
}

@article{Denetal15,
  title={A Survey on Demand Response in Smart Grids: Mathematical Models and Approaches},
  author={Ruilong Deng and Zaiyue Yang and Mo-Yuen Chow and Jiming Chen},
  journal={IEEE Trans. Industrial Informatics},
  volume={11},
  number={3},
  pages={570-582},
  year={2015}
}
@article{Itoetal18,
  title={Model Predictive Charging Control of In-Vehicle Batteries for Home Energy Management Based on Vehicle State Prediction},
  author={Akira Ito and Akihiko Kawashima and Tatsuya Suzuki and Shinkichi Inagaki and Takuma Yamaguchi and Zhuomin Zhou},
  journal={IEEE Trans. Control Systems Technology},
  volume={26},
  number={1},
  pages={51-64},
  year={2018}
}
@article{PWH16,
  title={Analyzing Big Smart Metering Data Towards Differentiated User Services: A Sublinear Approach},
  author={Erte Pan and Dan Wang and Zhu Han},
  journal={IEEE Trans. Big Data},
  volume={2},
  number={3},
  pages={249-261},
  year={2016}
}
@article{KP11,
  title={
Scheduling Power Consumption With Price Uncertainty},
  author={T. T. Kim and H. Vincent Poor},
  journal={IEEE Trans. Smart Grid},
  volume={2},
  number={3},
  pages={519-527},
  year={2011}
}
@article{BZ16,
  title={
On the Existence and Linear Approximation of the Power Flow Solution in Power Distribution Networks},
  author={Saverio Bolognani and Sandro Zampieri},
  journal={IEEE Trans. Power Systems},
  volume={31},
  number={1},
  pages={163-172},
  year={2016}
}

@article{ye2016distributed,
  title={Distributed extremum seeking for constrained networked optimization and its application to energy consumption control in smart grid},
  author={Ye, Maojiao and Hu, Guoqiang},
  journal={IEEE Trans. Control Systems Technology},
  volume={24},
  number={6},
  pages={2048--2058},
  year={2016},
  publisher={IEEE}
}

@article{lavaei2012zero,
  title={Zero duality gap in optimal power flow problem},
  author={Lavaei, Javad and Low, Steven H},
  journal={IEEE Trans. on Power Systems},
  volume={27},
  number={1},
  pages={92--107},
  year={2012},
  publisher={IEEE}
}

@Article{S98,
  author =       {Sturm, J.F.},
  title =        {Using {SeDuMi} 1.02, a {MATLAB} toolbox for optimization over symmetric cones},
  journal =      {Optimization Methods and Software},
  year =         1999,
  volume =       {11--12},
  pages =        {625--653}
}

@misc{cvx,
  author       = {Michael Grant and Stephen Boyd},
  title        = {{CVX}: Matlab Software for Disciplined Convex Programming, version 2.1},
  howpublished = {\url{http://cvxr.com/cvx}},
  month        = mar,
  year         = 2014
}

@misc{NSW_data,
  title = {Australian energy market operator},
  howpublished = {\url{https://www.aemo.com.au/Electricity/National-Electricity-Market-NEM/Data-dashboard#price-demand}},
  note = {Accessed: 2019-02-18}
}

@misc{S14,
  title={Approximate Linear Solution of Power
Flow Equations in Power Distribution Networks},
  author={S. Bolognani},
  howpublished ={2014 [Online]. Available: http://github.com/saveriob/approx-pf}
}

@article{halvgaard2016distributed,
  title={Distributed model predictive control for smart energy systems},
  author={Halvgaard, Rasmus and Vandenberghe, Lieven and Poulsen, Niels Kj{\o}lstad and Madsen, Henrik and J{\o}rgensen, John Bagterp},
  journal={IEEE Trans. Smart Grid},
  volume={7},
  number={3},
  pages={1675--1682},
  year={2016},
  publisher={IEEE}
}

@article{lampropoulos2013predictive,
  title={A predictive control scheme for real-time demand response applications},
  author={Lampropoulos, Ioannis and Baghin{\u{a}}, Nadina and Kling, Wil L and Ribeiro, Paulo F},
  journal={IEEE Trans. Smart Grid},
  volume={4},
  number={4},
  pages={2049--2060},
  year={2013},
  publisher={IEEE}
}

@article{olivares2014trends,
  title={Trends in microgrid control},
  author={Olivares, Daniel E and Mehrizi-Sani, Ali and Etemadi, Amir H and Ca{\~n}izares, Claudio A and Iravani, Reza and Kazerani, Mehrdad and Hajimiragha, Amir H and Gomis-Bellmunt, Oriol and Saeedifard, Maryam and Palma-Behnke, Rodrigo and others},
  journal={IEEE Trans. smart grid},
  volume={5},
  number={4},
  pages={1905--1919},
  year={2014},
  publisher={IEEE}
}

@article{ouammi2015coordinated,
  title={Coordinated model predictive-based power flows control in a cooperative network of smart microgrids},
  author={Ouammi, Ahmed and Dagdougui, Hanane and Dessaint, Louis and Sacile, Roberto},
  journal={IEEE Trans. Smart Grid},
  volume={6},
  number={5},
  pages={2233--2244},
  year={2015},
  publisher={IEEE}
}

@article{qin2018consensus,
  title={Consensus-based distributed coordination between economic dispatch and demand response},
  author={Qin, Jiahu and Wan, Yanni and Yu, Xinghuo and Li, Fangyuan and Li, Chaojie},
  journal={IEEE Trans. Smart Grid},
  year={2018},
  publisher={IEEE}
}

@article{deng2015distributed,
  title={Distributed real-time demand response in multiseller--multibuyer smart distribution grid},
  author={Deng, Ruilong and Yang, Zaiyue and Hou, Fen and Chow, Mo-Yuen and Chen, Jiming},
  journal={IEEE Trans. Power Systems},
  volume={30},
  number={5},
  pages={2364--2374},
  year={2015},
  publisher={IEEE}
}

@article{rahbari2014incremental,
  title={Incremental welfare consensus algorithm for cooperative distributed generation/demand response in smart grid},
  author={Rahbari-Asr, Navid and Ojha, Unnati and Zhang, Ziang and Chow, Mo-Yuen},
  journal={IEEE Trans. on Smart Grid},
  volume={5},
  number={6},
  pages={2836--2845},
  year={2014},
  publisher={IEEE}
}

@article{deng2015fast,
  title={Fast distributed demand response with spatially and temporally coupled constraints in smart grid},
  author={Deng, Ruilong and Xiao, Gaoxi and Lu, Rongxing and Chen, Jiming},
  journal={IEEE Trans. Industrial informatics},
  volume={11},
  number={6},
  pages={1597--1606},
  year={2015},
  publisher={IEEE}
}

@article{deng2014load,
  title={Load scheduling with price uncertainty and temporally-coupled constraints in smart grids},
  author={Deng, Ruilong and Yang, Zaiyue and Chen, Jiming and Chow, Mo-Yuen},
  journal={IEEE Trans. Power Systems},
  volume={29},
  number={6},
  pages={2823--2834},
  year={2014},
  publisher={IEEE}
}

@article{DYCS14,
  title={Residential energy consumption scheduling: A coupled-constraint game approach},
  author={Deng, Ruilong and Yang, Zaiyue and Chen, Jiming and Asr, Navid Rahbari and Chow, Mo-Yuen},
  journal={IEEE Trans. Smart Grid},
  volume={5},
  number={3},
  pages={1340--1350},
  year={2014},
  publisher={IEEE}
}

@article{MDSH14,
  title={Incentive mechanism for demand side management in smart grid using auction},
  author={Ma, Jinghuan and Deng, Jun and Song, Lingyang and Han, Zhu},
  journal={IEEE Trans. Smart Grid},
  volume={5},
  number={3},
  pages={1379--1388},
  year={2014},
  publisher={IEEE}
}

@article{PBC18,
  title={A low complexity and secure demand response technique for peak load reduction},
  author={Parizy, Ehsan Saeidpour and Bahrami, Hamid Reza and Choi, Seungdeog},
  journal={IEEE Trans. Smart Grid},
  year={2018},
  publisher={IEEE}
}

@article{DXLC15,
  title={Fast distributed demand response with spatially and temporally coupled constraints in smart grid},
  author={Deng, Ruilong and Xiao, Gaoxi and Lu, Rongxing and Chen, Jiming},
  journal={IEEE Trans. Industrial Informatics},
  volume={11},
  number={6},
  pages={1597--1606},
  year={2015},
  publisher={IEEE}
}

@article{YH17,
  title={Game design and analysis for price-based demand response: An aggregate game approach},
  author={Ye, Maojiao and Hu, Guoqiang},
  journal={IEEE Trans. Cybernetics},
  volume={47},
  number={3},
  pages={720--730},
  year={2017},
  publisher={IEEE}
}

@article{MWJS10,
  title={Autonomous demand-side management based on game-theoretic energy consumption scheduling for the future smart grid},
  author={Mohsenian-Rad, Amir-Hamed and Wong, Vincent WS and Jatskevich, Juri and Schober, Robert and Leon-Garcia, Alberto},
  journal={IEEE Trans. Smart Grid},
  volume={1},
  number={3},
  pages={320--331},
  year={2010},
  publisher={IEEE}
}

@article{PD11,
  title={Demand side management: Demand response, intelligent energy systems, and smart loads},
  author={Palensky, Peter and Dietrich, Dietmar},
  journal={IEEE Trans. Industrial Informatics},
  volume={7},
  number={3},
  pages={381--388},
  year={2011},
  publisher={IEEE}
}

@article{siano14demand,
  title={Demand response and smart grids- A survey},
  author={Siano, Pierluigi},
  journal={Renewable and Sustainable Energy Reviews},
  volume={30},
  pages={461--478},
  year={2014},
  publisher={Elsevier}
}

@article{AMM15,
  title={Automated demand response from home energy management system under dynamic pricing and power and comfort constraints},
  author={Althaher, Sereen and Mancarella, Pierluigi and Mutale, Joseph},
  journal={IEEE Trans. Smart Grid},
  volume={6},
  number={4},
  pages={1874--1883},
  year={2015},
  publisher={IEEE}
}

@article{MWF15,
  title={A distributed approach for the optimal power-flow problem based on {ADMM} and sequential convex approximations},
  author={Magn{\'u}sson, Sindri and Weeraddana, Pradeep Chathuranga and Fischione, Carlo},
  journal={IEEE Trans. Control of Network Systems},
  volume={2},
  number={3},
  pages={238--253},
  year={2015},
  publisher={IEEE}
}

@article{BPCPE11,
  title={Distributed optimization and statistical learning via the alternating direction method of multipliers},
  author={Boyd, Stephen and Parikh, Neal and Chu, Eric and Peleato, Borja and Eckstein, Jonathan and others},
  journal={Foundations and Trends{\textregistered} in Machine learning},
  volume={3},
  number={1},
  pages={1--122},
  year={2011},
  publisher={Now Publishers, Inc.}
}

@ARTICLE{STSDP19,
author={Y. {Shi} and H. D. {Tuan} and A. V. {Savkin} and T. Q. {Duong} and H. V. {Poor}},
journal={IEEE Trans. Smart Grid},
title={Model Predictive Control for Smart Grids with Multiple Electric-Vehicle Charging Stations},
year={2019},
volume={10},
number={},
pages={2127-2136},
month={},}

@article{HWZ14,
  title={Adaptive electric vehicle charging coordination on distribution network},
  author={Hua, Lunci and Wang, Jia and Zhou, Chi},
  journal={IEEE Trans. Smart Grid},
  volume={5},
  number={6},
  pages={2666--2675},
  year={2014},
  publisher={IEEE}
}

@article{FRMR15,
  title={A mixed-integer linear programming model for the electric vehicle charging coordination problem in unbalanced electrical distribution systems},
  author={Franco, John F and Rider, Marcos J and Romero, Ruben},
  journal={IEEE Trans. Smart Grid},
  volume={6},
  number={5},
  pages={2200--2210},
  year={2015},
  publisher={IEEE}
}

@INPROCEEDINGS{WK11,
author={O. Worley and D. Klabjan},
booktitle={2011 IEEE Vehicle Power and Propulsion Conference},
title={Optimization of battery charging and purchasing at electric vehicle battery swap stations},
year={2011},
pages={1-4},
month={Sep.},}

@ARTICLE{TQSLT18,
author={X. Tan and G. Qu and B. Sun and N. Li and D. H. K. Tsang},
journal={IEEE Trans. Smart Grid},
title={Optimal Scheduling of Battery Charging Station Serving Electric Vehicles Based on Battery Swapping},
year={2018}
}

@article{Tuetal15,
  title={Decentralised model predictive control with stability constraints and its application in process control},
  author={Tuan, H. D. and Savkin, A. and Nguyen, T. N. and Nguyen, H. T.},
  journal={J. Process Control},
  volume={26},
  pages={73--89},
  year={2015},
  publisher={Elsevier}
}

@book{CA13,
  title={Model predictive control},
  author={Camacho, Eduardo F and Alba, Carlos Bordons},
  year={2013},
  publisher={Springer Science \& Business Media}
}

@ARTICLE{MHAA18,
author={T. Morstyn and B. Hredzak and R. P. Aguilera and V. G. Agelidis},
journal={IEEE Trans. Control Systems Technology},
title={Model Predictive Control for Distributed Microgrid Battery Energy Storage Systems},
year={2018},
volume={26},
number={3},
pages={1107-1114},
month={May},}

@inproceedings{TKBJ11,
  title={Investigation of droop characteristics and X/R ratio on small-signal stability of autonomous microgrid},
  author={Tabatabaee, Shahab and Karshenas, Hamid R and Bakhshai, Alireza and Jain, Praveen},
  booktitle={Power Electronics, Drive Systems and Technologies Conference (PEDSTC), 2011 2nd},
  pages={223--228},
  year={2011},
}

@article{ODDS15,
  title={Coordinated model predictive-based power flows control in a cooperative network of smart microgrids},
  author={Ouammi, Ahmed and Dagdougui, Hanane and Dessaint, Louis and Sacile, Roberto},
  journal={IEEE Trans. Smart grid},
  volume={6},
  number={5},
  pages={2233--2244},
  year={2015},
}

@article{AESS10,
  title={Optimal renewable resources mix for distribution system energy loss minimization},
  author={Atwa, YM and El-Saadany, EF and Salama, MMA and Seethapathy, R},
  journal={IEEE Trans. Power Systems},
  volume={25},
  number={1},
  pages={360--370},
  year={2010},
}

@ARTICLE{DMORS10,
author={H. Dagdougui and R. Minciardi and A. Ouammi and M. Robba and R. Sacile},
journal={IEEE Systems Journal},
title={A Dynamic Decision Model for the Real-Time Control of Hybrid Renewable Energy Production Systems},
year={2010},
volume={4},
number={3},
pages={323-333},
month={Sep.},}

@article{BA08,
title = "Evaluation of small wind turbines in distributed arrangement as sustainable wind energy option for {B}arbados",
journal = "Energy Conversion and Management",
volume = "49",
number = "6",
pages = "1652 - 1661",
year = "2008",
author = "Justin D.K. Bishop and Gehan A.J. Amaratunga",
}
@article{OSM10,
title = "Wind energy potential in Liguria region",
journal = "Renewable and Sustainable Energy Reviews",
volume = "14",
number = "1",
pages = "289 - 300",
year = "2010",
issn = "1364-0321",
author = "A. Ouammi and R. Sacile and A. Mimet",
}
@article{XHGSL18,
  title={Real-time distributed control of battery energy storage systems for security constrained DC-OPF},
  author={Xu, Yinliang and Hu, Jiefeng and Gu, Wei and Su, Wencong and Liu, Wenxin},
  journal={IEEE Trans. Smart Grid},
  volume={9},
  number={3},
  pages={1580--1589},
  year={2018},
}

@article{WWW17,
  title={A fully-decentralized consensus-based {ADMM} approach for {DC-OPF} with demand response},
  author={Wang, Yamin and Wu, Lei and Wang, Shouxiang},
  journal={IEEE Trans. Smart Grid},
  volume={8},
  number={6},
  pages={2637--2647},
  year={2017},
}

@article{DJ09,
title = "Battery energy storage technology for power systems—{A}n overview",
journal = "Electric Power Systems Research",
volume = "79",
number = "4",
pages = "511 - 520",
year = "2009",
issn = "0378-7796",
author = "K.C. Divya and Jacob Østergaard",
}

@article{B62,
  title={Partitioning procedures for solving mixed-variables programming problems},
  author={Benders, Jacques F},
  journal={Numerische mathematik},
  volume={4},
  number={1},
  pages={238--252},
  year={1962},
  publisher={Springer}
}

@article{G72,
  title={Generalized benders decomposition},
  author={Geoffrion, Arthur M},
  journal={Journal of optimization theory and applications},
  volume={10},
  number={4},
  pages={237--260},
  year={1972},
  publisher={Springer}
}


@inproceedings{AE07,
  title={Demand response in electricity markets: An overview},
  author={Albadi, Mohamed H and El-Saadany, Ehab F},
  booktitle={Power Engineering Society General Meeting, 2007. IEEE},
  pages={1--5},
  year={2007},
}
@article{DZG13,
  title={Distributed Optimal Power Flow for Smart Microgrids.},
  author={Dall'Anese, Emiliano and Zhu, Hao and Giannakis, Georgios B},
  journal={IEEE Trans. Smart Grid},
  volume={4},
  number={3},
  pages={1464--1475},
  year={2013}
}

@article{STAS18,
title = "Global optimal power flow over large-scale power transmission networks",
journal = "Systems \& Control Letters",
volume = "118",
pages = "16 - 21",
year = "2018",
author = "Y. Shi and H.D. Tuan and P. Apkarian and A.V. Savkin",
}

@Article{STTS17,
author="Shi, Y.
and Tuan, H. D.
and Tuy, H.
and Su, S.",
title="Global optimization for optimal power flow over transmission networks",
journal="Journal of Global Optimization",
year="2017",
month="Nov",
day="01",
volume="69",
number="3",
pages="745--760",
}

@article{J1,
  title={Moment/Sum-of-Squares Hierarchy for Complex Polynomial Optimization},
  author={C. Josz and D. K. Molzahn},
  journal={Available:http://arxiv.org/abs/1508.02068},
  volume={},
  number={},
  pages={},
  year={}
}
@article{J2,
  title={
A {L}aplacian-Based Approach for Finding Near Globally Optimal Solutions to {OPF} Problems},
  author={Daniel K. Molzahn and Cedric Josz and Ian A. Hiskens and Patrick Panciatici},
  journal={IEEE Trans. Power Systems},
  volume={32},
  number={1},
  pages={305-315},
  year={2017}
}
@ARTICLE{AT05,
  author = {L. T. H. An and P. D. Tao},
  title = {The {DC} (difference of convex functions) programming and {DCA} revisited with {DC} models of real
  world nonconvex optimization problems},
  journal = { Annals of Operations Research},
  year = {2005},
  volume = {133},
  pages = {23-45},
  number = {104}
}
@ARTICLE{MW78,
  author = {B. R. Marks and G. P. Wright},
  title = {A general inner approximation algorithm for nonconvex mathematical programms},
  journal = {Operations Research},
  year = {1978},
  volume = {26},
  pages = {681-683},
  number = {4},
  month = {Jul.}
}
@ARTICLE{AHV14,
  author = {M. S. Andersen and A. Hansson and L. Vandenberghe},
  title = {Reduced-complexity semidefinite relaxations of optimal power flow problems},
  journal = {IEEE Trans. Power Systems},
  year = {2014},
  volume = {29},
  pages = {1855-1863},
  number = {4},
  month = {Jul}
}
@ARTICLE{AT00,
  author = {P. Apkarian and H. D. Tuan},
  title = {Robust control via concave optimization: Local and global algorithms},
  journal = {IEEE Trans. Autom. Control},
  year = {2000},
  volume = {45},
  pages = {299-305},
  number = {2},
  month = {Feb.}
}

@ARTICLE{AT99,
  author = {P. Apkarian and Tuan, H. D.},
  title = {Concave programming in control theory},
  journal = {J. Global Optim.},
  year = {1999},
  volume = {15},
  pages = {243-270},
  month = {Apr.}
}
@INPROCEEDINGS{AT99a,
  author = {P. Apkarian and H. D. Tuan},
  title = {A sequential {SDP/G}auss-{N}ewton algorithm for rank-constrained
    {LMI} problems},
  booktitle = {Proc. of the 38-th Conf. on Decision and Control (CDC), Phoenix,
    Arizona},
  year = {1999},
  pages = {2238-2245},
  month = {Dec.}
}
@Article{ANP08,
author = {P. Apkarian and D. Noll and O. Prot},
title = {A trust region spectral bundle method for nonconvex eigenvalue optimization},
journal = {SIAM J. Optimization},
year = {2008},
volume = {19},
number = {1},
pages = {281-306}
}
@BOOK{Tuybook,
  author = {H. Tuy},
  title = {Convex Analysis and Global Optimization},
  publisher = {Kluwer Academic},
  year = {1997}
}
@BOOK{Betal06,
  author = {J. F. Bonnans and J. Ch. Gilbert and  C. Lemarechal and C. Sagastizábal},
  title = {Numerical Optimization – Theoretical and Practical Aspects (second edition)},
  publisher = {Springer},
  year = {2006}
}
@BOOK{HL96,
  author = {J. -B. Hiriart-Urruty and C. Lemarechal},
  title = {Convex Analysis and Minimization Algorithms (second edition)},
  publisher = {Springer},
  year = {1996}
}
@ARTICLE{HL13,
  author = {J. -B. Hiriart-Urruty and  H. Y. Le},
  title = {A variational approach of the rank function},
  journal = {TOP},
  year = {2013},
  volume = {21},
  pages = {207-240},
  number = {2}
}
@ARTICLE{HTA08,
  author = {H. G. Hoang and H. D. Tuan and P. Apkarian},
  title = {A {L}yapunov variable-free {KYP} lemma for {SISO} continuous systems},
  journal = {IEEE Trans. Automatic Control},
  volume = {53},
  number = {11},
  pages = {2669-2673},
  year = {2008}
}
@ARTICLE{KTN12,
  author = {H. H. Kha and H. D. Tuan and H. H. Nguyen},
  title = {Fast global optimal power allocation in wireless networks by local
	d.c. programming},
  journal = {IEEE Trans. Wireless Commun.},
  year = {2012},
  volume = {11},
  pages = {510-515},
  number = {2},
  month = {Feb.}
}
@ARTICLE{TAHT,
  author = {H. D. Tuan and P. Apkarian and S. Hosoe and H. Tuy},
  title = {D.C. optimization approach to robust controls: the feasibility problems},
  journal = {Inter. J. of Control},
  year = {2000},
  volume = {73},
  pages = {89-104},
  month = {Feb.}
}
@INPROCEEDINGS{Tetal06,
author={H. D. Tuan and N. T. Hoang and H. Q. Ngo and H. Tuy and B. Vo},
booktitle={Proc. 45th IEEE Conf. Control and Decision (CDC)},
title={A dual frequency-selective bounded real lemma and its applications to IIR filter design},
year={2006},
month={},
volume={},
pages={1478-1485}
}

@ARTICLE{TT13,
  author = {H. Tuy and H. D. Tuan},
  title = {Generalized {S}-Lemma and strong duality in nonconvex quadratic programming},
  journal = {J. Global Optimization},
  year = {2013},
  volume = {56},
  pages = {1045-1072},
  month = {}
}
@book{Tuybook,
 author={H. Tuy},
 title={Convex analysis and global optimization},
 publisher={Kluwer Academic},
 year={1998},
}
@INPROCEEDINGS{Getal12,
author={A. Gopalakrishnan and A. U. Raghunathan and D. Nikovski and L. T. Beiegler},
booktitle={Proc. 50th Annu. Allerton Conf. Commun., Control and Compt.},
title={Global optimization of optimal power flow using a branch and  bound algorithm},
year={2012},
month={},
volume={},
pages={609-616}
}
@ARTICLE{HG91,
author={M. Huneault and F. D. Galiana },
journal={IEEE Trans. Power Systems},
title={A survey of the optimal power flow literature},
year={1991},
volume={6},
number={2},
pages={762-770}
}
@ARTICLE{PG08,
author={K. S. Pandya and S. K. Joshi },
journal={J. Theoret. Appl. Inf. Technol.},
title={A survey of optimal power flow methods},
year={2008},
volume={4},
number={5},
pages={450-458}
}
@INPROCEEDINGS{Jetal00,
author={Joos, G. and Ooi, B. -T and McGillis, D. and Galiana, F.D. and Marceau, R.},
title={IEEE Power Engineering Society Summer Meeting},
booktitle={The potential of distributed generation to provide ancillary services},
year={2000},
month={Jul.},
volume={3},
pages={1762-1767}
}

@Book{AMPbook,
  Title                    = {An Autoregressive Model With Time-Varying Coefficients for Wind Fields},
  Author                   = {P. Ailliot and V. Monbet and M. Prevosto},
  Publisher                = {Wiley},
  Year                     = {2005}
}

@Article{AV11,
  Title                    = {Sum Capacity of {MIMO} Interference Channels in the Low Interference Regime},
  Author                   = {Annapureddy, V.S. and Veeravalli, V.V.},
  Journal                  = {IEEE Trans. Information Theory },
  Year                     = {2011},
  Month                    = {May.},
  Number                   = {5},
  Pages                    = {2565-2581},
  Volume                   = {57}
}
@ARTICLE{Betal08,
author={X. Bai and H. Wei and K. Fujisawa and Y. Wang},
journal={Elect. Power Energy Syst.},
title={Semidefinite programming for optimal power flow problems},
year={2008},
volume={30},
number={6-7},
pages={383-392}
}
@ARTICLE{DNP12,
author={Deshmukh, S. and Natarajan, B. and Pahwa, A.},
journal={IEEE Trans. Smart Grid},
title={Voltage/VAR Control in Distribution Networks via Reactive Power Injection Through Distributed Generators},
year={2012},
month={Sep.},
volume={3},
number={3},
pages={1226-1234}
}

@inproceedings{BD00,
    author      = {P. P. Barker and R. W. De-Mello},
    title       = {Determining the impact of distributed generation on power systems: Part 1—Radial distribution systems},
    booktitle   = {Proc. Power Eng. Soc. Summer Meet.},
    pages       = "1645-1656",
    year        = {2000},
    month       = {Jul.}
}

@INPROCEEDINGS{WH00,
author={Willis, H.L.},
booktitle={IEEE Power Engineering Society Summer Meeting},
title={Analytical methods and rules of thumb for modeling DG-distribution interaction},
year={2000},
month={},
volume={3},
pages={1643-1644}
}
@ARTICLE{S10,
author={Chun-Lien Su},
journal={IEEE Trans. Power Systems},
title={Stochastic Evaluation of Voltages in Distribution Networks With Distributed Generation Using Detailed Distribution Operation Models},
year={2010},
month={May.},
volume={25},
number={2},
pages={786-795}
}


@ARTICLE{PTKN12,
author={H. A. Phan and H. D. Tuan and H. H. Kha and D. T. Ngo},
journal={IEEE Trans. Signal Processing},
title={Nonsmooth optimization for efficient beamforming in cognitive radio multicast transmission},
year={2012},
month={Jun.},
volume={60},
number={6},
pages={2941-2951}
}

@ARTICLE{RKKAO10,
author={Rogers, K.M. and Klump, R. and Khurana, H. and Aquino-Lugo, A.A. and Overbye, T.J.},
journal={IEEE Trans. Smart Grid},
title={An Authenticated Control Framework for Distributed Voltage Support on the Smart Grid},
year={2010},
month={Jun.},
volume={1},
number={1},
pages={40-47}
}

@INPROCEEDINGS{BKI08,
author={Blood, E.A. and Krogh, B.H. and Ilic, M.D.},
booktitle={2008 IEEE Power and Energy Society General Meeting - Conversion and Delivery of Electrical Energy in the 21st Century},
title={Electric power system static state estimation through Kalman filtering and load forecasting},
year={2008},
month={Jul.},
pages={1-6}
}

@Article{VT11,
  Title= {Unscented Kalman filter for power system dynamic state estimation},
  Author= {G. Valverde and V. Terzija},
  Journal= {IET Trans. General Distrib. },
  Year= {2011},
  Month={Jan.},
  volume={5},
  number={1},
  pages={29-37}
  }

@ARTICLE{DNP14,
author={Deshmukh, S. and Natarajan, B. and Pahwa, A.},
journal={IEEE Trans. Smart Grid},
title={State Estimation and Voltage/VAR Control in Distribution Network With Intermittent Measurements},
year={2014},
month={Jan.},
volume={5},
number={1},
pages={200-209}
}

@ARTICLE{BMN09,
author={P. Bacher and H. Madsen  and H. A. Nielsen},
journal={Solar Energy},
title={Online short-term solar power forecasting},
year={2009},
volume={83},
number={10},
pages={1772-1783},
}

@ARTICLE{MEA99,
author={J. A. Momoh and M. E. El-Hawary and R. Adapa},
journal={Solar Energy},
title={A review of selected optimal power flow literature to 1993. Part {I}: Nonlinear and quadratic programming approaches},
year={1999},
volume={14},
number={1},
pages={96-104},
}

@ARTICLE{C62,
author={J. Carpentier},
journal={Bulletin Society Francaise Electriciens},
title={Contribution to the economic dispatch problem},
year={1962},
volume={3},
number={8},
pages={431-447}
}

@ARTICLE{PJ08,
author={K. S. Pandya and S. K. Joshi},
journal={J. of Theoretical and Applied Information Technology},
title={A survey of optimal power flow methods},
year={2008},
volume={4},
number={5},
pages={450-458}
}

@ARTICLE{JMPG15,
author={C. Jocz and J. Maeght and P. Panciatici and J. C. Gilbert},
journal={IEEE Trans. Power Systems},
title={Application of the {M}oment-{SOS} Approach
to Global Optimization of the {OPF} Problem},
year={2015},
month={Jan.},
volume={30},
number={1},
pages={463-470}
}

@ARTICLE{LL12,
author={J. Lavaei and S. H. Low},
journal={IEEE Trans. Power Systems},
title={Zero duality gap in optimal power flow problem},
year={2012},
month={Jan.},
volume={27},
number={1},
pages={92-107}
}

@ARTICLE{MSL15,
author={Ramtin Madani and Somayeh Sojoudi and Javad Lavaei},
journal={IEEE Trans. Power Systems},
title={Convex relaxation for optimal power flow problem: Mesh networks},
year={2015},
month={Jan.},
volume={30},
pages={199-211}
}
@ARTICLE{MAL15,
author={Ramtin Madani and Morteza Ashraphijuo and Javad Lavaei},
journal={IEEE Trans. Power Systems},
title={Promises of conic relaxation for contigency-constrained optimal power flow problem},
year={2015},
month={},
volume={30},
pages={}
}
@ARTICLE{Metal13,
author={D. K. Molzahn and J. T. Holzer and B. C. Lesieutre and C. L. De{M}arco},
journal={IEEE Trans. Power Systems},
title={Implementation of a large-scale optimal power flow solver based on semidefinite programming},
year={2013},
month={Nov},
volume={28},
pages={3987-3998}
}
@INPROCEEDINGS{STST15,
author={Y. Shi and H. D. Tuan and  S. Su and H. H. M. Tam},
booktitle={Proc. 2015 IEEE Global Conf. on Signal and Information Processing (GlobalSIP)},
title={Nonsmooth optimization for optimal power flow over transmission networks},
year={2015},
month={Dec.},
pages={}
}
@INPROCEEDINGS{SL12,
author={Somayeh Sojoudi and Javad Lavaei},
booktitle={IEEE Power and Energy Society General Meeting},
title={Physics of power networks makes hard optimization problems easy to solve},
year={2012},
month={Jul.},
pages={1-8}
}

@ARTICLE{LL12,
author={J. Lavaei and S. H. Low},
journal={IEEE Trans.  Power Systems},
title={Zero duality gap in optimal power flow problem},
year={2012},
month={Jan.},
volume={27},
number={1},
pages={92-107}
}
@ARTICLE{L01,
author={J. B. Lasserre},
journal={SIAM J. Optimization},
title={Global optimization with polynomials and the problem of moments},
year={2001},
volume={11},
number={3},
pages={796-817}
}
@ARTICLE{Betal13,
author={Bukhsh, W.A. and Grothey, A. and McKinnon, K.I.M. and Trodden, P.A.},
journal={IEEE Trans. Power Systems},
title={Local Solutions of the Optimal Power Flow Problem},
year={2013},
month={Nov},
volume={28},
number={4},
pages={4780-4788}
}

@misc{
BGMT_webpage,
author = {Bukhsh, W.A. and Grothey, A. and McKinnon, K.I.M. and Trodden, P.A.},
title = {Test Case Archive of Optimal Power Flow {(OPF)} Problems with Local Optima},
howpublished = {\url{http://www.maths.ed.ac.uk/optenergy/LocalOpt/introduction.html}}
}

@ARTICLE{ZMT11,
author={Zimmerman, R. D. and Murillo-Sánchez, C. E. and Thomas, R. J.},
journal={IEEE Trans.  Power Systems},
title={{MATPOWER:} Steady-State Operations, Planning, and Analysis Tools for Power Systems Research and Education},
year={2011},
month={Feb},
volume={26},
number={1},
pages={12-19}
}

@INPROCEEDINGS{LJ04,
author={Lofberg, J.},
booktitle={IEEE Inter. Symp. on Computer Aided Control Systems Design, },
title={YALMIP : a toolbox for modeling and optimization in MATLAB},
year={2004},
month={Sept},
pages={284-289},
}

@ARTICLE{S99,
author={J. F. Sturm},
journal={Optimiz. Meth. Softw},
title={Using SeDuMi 1.02, a MATLAB toolbox for optimization
over symmetric cones},
year={1999},
volume={11},
pages={625-653}}

@book{BYB06,
  title={Vision and Strategy for Europe’s Electricity Networks of the Future},
  author={Bamberger and et al},
  year={2006},
  publisher={Office for Official Publications of the European Communities}
}

@book{HBB09,
  title={Smart Grids and Networks of the Future -
EURELECTRIC Views},
  author={P. Hallberg and et al},
  year={2009},
  month={May},
  publisher={Ref: 2009-030-0440}
}

@INPROCEEDINGS{HHM11,
author={M. Hashmi and S. Hänninen and K. Mäki},
booktitle={Proc. 2011 IEEE PES Conf. on Innovative Smart Grid Technologies (ISGT Latin America)},
title={Survey of smart grid concepts, architectures, and technological demonstrations worldwide},
year={2011},
pages={1-7},
month={Oct},}

@ARTICLE{DT68,
author={H. W. Dommel and W. F. Tinney},
journal={IEEE Trans. Power Apparatus  Systems},
title={Optimal Power Flow Solutions},
year={1968},
volume={PAS-87},
number={10},
pages={1866-1876}


@inproceedings{hranisavljevic2016novel,
  title={A novel anomaly detection algorithm for hybrid production systems based on deep learning and timed automata},
  author={Hranisavljevic, Nemanja and Niggemann, Oliver and Maier, Alexander},
  booktitle={International Workshop on the Principles of Diagnosis (DX)},
  year={2016}
}
@incollection{von2018enable,
  title={Enable learning of hybrid timed automata in absence of discrete events through self-organizing maps},
  author={von Birgelen, Alexander and Niggemann, Oliver},
  booktitle={IMPROVE-Innovative Modelling Approaches for Production Systems to Raise Validatable Efficiency},
  pages={37--54},
  year={2018},
  publisher={Springer}
}
@article{obinikpo2019big,
  title={Big data aggregation in the case of heterogeneity: a feasibility study for digital health},
  author={Obinikpo, Alex Adim and Kantarci, Burak},
  journal={International Journal of Machine Learning and Cybernetics},
  volume={10},
  number={10},
  pages={2643--2655},
  year={2019},
  publisher={Springer}
}
@article{wang2017heterogeneous,
  title={Heterogeneous data and big data analytics},
  author={Wang, Lidong},
  journal={Automatic Control and Information Sciences},
  volume={3},
  number={1},
  pages={8--15},
  year={2017}
}
@inproceedings{li2014resolving,
  title={Resolving conflicts in heterogeneous data by truth discovery and source reliability estimation},
  author={Li, Qi and Li, Yaliang and Gao, Jing and Zhao, Bo and Fan, Wei and Han, Jiawei},
  booktitle={Proceedings of the 2014 ACM SIGMOD international conference on Management of data},
  pages={1187--1198},
  year={2014}
}
